<record><leader>00000cas a2200000 a 4500</leader><controlfield tag="001">22418529</controlfield><controlfield tag="008">900921d19551955iluuu ne      0   a0eng c</controlfield><datafield ind1=" " ind2=" " tag="010"><subfield code="a">sn 90054564 </subfield></datafield><datafield ind1=" " ind2=" " tag="040"><subfield code="a">NVF</subfield><subfield code="b">eng</subfield><subfield code="c">NVF</subfield><subfield code="d">OCLCQ</subfield><subfield code="d">NVF</subfield><subfield code="d">OCLCQ</subfield><subfield code="d">NVF</subfield><subfield code="d">OCLCO</subfield><subfield code="d">OCLCF</subfield></datafield><datafield ind1="1" ind2=" " tag="029"><subfield code="a">AU@</subfield><subfield code="b">000025862527</subfield></datafield><datafield ind1=" " ind2=" " tag="042"><subfield code="a">pcc</subfield></datafield><datafield ind1=" " ind2=" " tag="043"><subfield code="a">n-us-il</subfield></datafield><datafield ind1="0" ind2="0" tag="245"><subfield code="a">Sparland beacon.</subfield></datafield><datafield ind1=" " ind2=" " tag="260"><subfield code="a">Sparland, Ill. :</subfield><subfield code="b">Sparland Centennial Committee,</subfield><subfield code="c">1955.</subfield></datafield><datafield ind1="0" ind2=" " tag="362"><subfield code="a">Vol. 1, no. 1 (July 21, 1955).</subfield></datafield><datafield ind1=" " ind2=" " tag="500"><subfield code="a">Only one issue published.</subfield></datafield><datafield ind1=" " ind2="0" tag="651"><subfield code="a">Sparland (Ill.)</subfield><subfield code="v">Newspapers.</subfield></datafield><datafield ind1=" " ind2="7" tag="655"><subfield code="a">Newspapers.</subfield><subfield code="2">fast</subfield><subfield code="0">(OCoLC)fst01423814</subfield></datafield><datafield ind1=" " ind2="7" tag="651"><subfield code="a">Illinois</subfield><subfield code="z">Sparland.</subfield><subfield code="2">fast</subfield><subfield code="0">(OCoLC)fst01888137</subfield></datafield><datafield ind1=" " ind2=" " tag="752"><subfield code="a">United States</subfield><subfield code="b">Illinois</subfield><subfield code="c">Marshall County</subfield><subfield code="d">Sparland.</subfield></datafield></record>